@Book{DockerMedium,
title = {Docker: Why multi-arch images matters?},
%publisher = {Medium},
year = {2020},
url = {https://medium.com/gft-engineering/docker-why-multi-arch-images-matters-927397a5be2e}
}

@Book{WebComponentsMedium,
title = {Web Components: a future-proof structure},
%publisher = {Medium},
year = {2020},
url = {https://medium.com/gft-engineering/web-components-a-future-proof-structure-5db3865fa31}
}